<?xml version="1.0" encoding="UTF-8"?><collection xmlns="http://www.loc.gov/MARC21/slim"><record><leader>00419nam--2200145-i-4500</leader><controlfield tag="001">000015015</controlfield><controlfield tag="002">20161230</controlfield><controlfield tag="005">20170211150505</controlfield><controlfield tag="008">060222s1000------------r-----000-0-eng-d</controlfield><datafield ind1=" " ind2=" " tag="100"><subfield code="a">Bonci-Bruevici, A. M</subfield></datafield><datafield ind1=" " ind2=" " tag="245"><subfield code="a">Folosirea tuburilor electronice iin fizica exp erimentala. Traducere din limba rusa</subfield></datafield><datafield ind1=" " ind2=" " tag="260"><subfield code="a">Bucuresti</subfield><subfield code="b">Editura Tehnica</subfield><subfield code="c">1958</subfield></datafield><datafield ind1=" " ind2=" " tag="300"><subfield code="a">574 p</subfield></datafield><datafield ind1=" " ind2=" " tag="852"><subfield code="a">621.383</subfield></datafield><datafield ind1=" " ind2=" " tag="CAT"><subfield code="a">SYS</subfield><subfield code="c">20170211</subfield><subfield code="h">150505</subfield></datafield></record></collection>